@article{Leibler91,
 author               = {Ludwik Leibler and Michael Rubinstein and Ralph H. Colby},
 howpublished         = {\url{ }},
 journal              = {Macromolecules},
 pages                = {4701--4707},
 title                = {Dynamics of reversible networks},
 volume               = {24},
 year                 = {1991},
 }


@article{McLeish02,
 author               = {Tom C. B. McLeish},
 howpublished         = {\url{ }},
 journal              = {Adv. Phys.},
 pages                = {1379--1527},
 title                = {Tube theory of entangled polymer dynamics},
 volume               = {6},
 year                 = {2002},
 }

@article{Likhtman02,
 author               = {Alexei E. Likhtman and Tom C. B. McLeish},
 title                = {Quantitative theory for linear dynamics of linear entangled polymers},
 journal              = {Macromolecules},
 pages                = {6332--6343},
 volume               = {35},
 year                 = {2002},
 }

@article{ChenQ16,
 author               = {Quan Chen and Zhijie Zhang and Ralph H. Colby},
 howpublished         = {\url{ }},
 journal              = {J. Rheol.},
 pages                = {1031--1040},
 title                = {},
 volume               = {60},
 year                 = {2016},
 }

@article{ZhangZ18,
 author               = {Zhijie Zhang and Quan Chen and Ralph H. Colby},
 journal              = {Soft Matter},
 title                = {Dynamics of associative polymers},
 pages                = {2961--2977},
 volume               = {14},
 year                 = {2018},
 }

@article{desCloizeaux88,
 author               = {J. des Cloizeaux},
 journal              = {Europhys. Lett.},
 title                = {Double reptation vs. simple reptation in polymer melts},
 pages                = {437--442},
 volume               = {5},
 year                 = {1988},
 }

@article{Ruymbeke02,
 author               = {E. van Ruymbeke and R. Keunings and V. St\'{e}phenne and A. Hagenaars and C. Bailly},
 title                = {Evaluation of reptation models for predicting the linear viscoelastic
properties of entangled linear polymers},
 journal              = {Macromolecules},
 pages                = {2689--2699},
 volume               = {35},
 year                 = {2002},
 howpublished         = {\url{ }},
 }


@article{Nobile01,
 author               = {Maria Rossella Nobile and Franco Cocchini},
 title                = {Evaluation of molecular weight distribution from dynamic moduli},
 journal              = {Rheol. Acta},
 pages                = {111--119},
 volume               = {40},
 year                 = {2001},
 }




